<?xml version="1.0"?>
<marc:records xmlns:marc="http://www.loc.gov/MARC21/slim" xmlns:xsi="http://www.w3.org/2001/XMLSchema-instance" xsi:schemaLocation="http://www.loc.gov/MARC21/slim http://www.loc.gov/standards/marcxml/schema/MARC21slim.xsd">
  <marc:record>
    <marc:leader>03378ctm a2200469Ia 4500</marc:leader>
    <marc:controlfield tag="001">9977254851903681</marc:controlfield>
    <marc:controlfield tag="005">20180326015415.0</marc:controlfield>
    <marc:controlfield tag="008">180314s1897    mr a          000 0 arc d</marc:controlfield>
    <marc:datafield ind1=" " ind2=" " tag="035">
  <marc:subfield code="a">(OCoLC)1028640246</marc:subfield>
</marc:datafield>
    <marc:datafield ind1=" " ind2=" " tag="035">
  <marc:subfield code="a">(OCoLC)on1028640246</marc:subfield>
</marc:datafield>
    <marc:datafield ind1=" " ind2=" " tag="040">
  <marc:subfield code="a">PAU</marc:subfield>
  <marc:subfield code="b">eng</marc:subfield>
  <marc:subfield code="c">PAU</marc:subfield>
  <marc:subfield code="e">dacs</marc:subfield>
  <marc:subfield code="d">PAU</marc:subfield>
</marc:datafield>
    <marc:datafield ind1="0" ind2=" " tag="041">
  <marc:subfield code="a">arc</marc:subfield>
  <marc:subfield code="a">heb</marc:subfield>
</marc:datafield>
    <marc:datafield ind1=" " ind2=" " tag="043">
  <marc:subfield code="a">f-mr---</marc:subfield>
</marc:datafield>
    <marc:datafield ind1=" " ind2=" " tag="049">
  <marc:subfield code="a">PAUU</marc:subfield>
</marc:datafield>
    <marc:datafield ind1=" " ind2="9" tag="099">
  <marc:subfield code="a">CAJS Rar Ms 472</marc:subfield>
</marc:datafield>
    <marc:datafield ind1="0" ind2="0" tag="245">
  <marc:subfield code="a">Marriage contract,</marc:subfield>
  <marc:subfield code="f">5657 (1897).</marc:subfield>
</marc:datafield>
    <marc:datafield ind1="3" ind2=" " tag="246">
  <marc:subfield code="6">880-01</marc:subfield>
  <marc:subfield code="a">Ketubah : T&#x323;ang&#x304;ar</marc:subfield>
</marc:datafield>
    <marc:datafield ind1="3" ind2=" " tag="246">
  <marc:subfield code="6">880-02</marc:subfield>
  <marc:subfield code="a">Ketubah : T&#x323;ang'ir</marc:subfield>
</marc:datafield>
    <marc:datafield ind1=" " ind2=" " tag="300">
  <marc:subfield code="a">1 leaf :</marc:subfield>
  <marc:subfield code="b">paper, color illustrations ;</marc:subfield>
  <marc:subfield code="c">67.7 X 46.4 cm</marc:subfield>
</marc:datafield>
    <marc:datafield ind1=" " ind2=" " tag="500">
  <marc:subfield code="6">880-03</marc:subfield>
  <marc:subfield code="a">The wedding took place on the Fourth day [Wed.] of the week, 23rd of Siv&#x323;an, 5657 [23 June 1897] in the city of T&#x323;angir. The groom is Avraham bar k.h. ha-n. v&#x323;e-h&#x323;. k. ha-R. Mosheh S.t&#x323;. ... known as T&#x323;oledano. The bride is Miryam bat kevod h.h. k. ha-R. Ya&#x2BB;ak&#x323;ov S.t&#x323;. ... known as T&#x323;oledano. Witnesses: ha-tsa&#x2BB;ir Mordekhai n. G&#x304;o, S.t&#x323;.; Ye&#x2BC;udah n. Shimol [?].</marc:subfield>
</marc:datafield>
    <marc:datafield ind1=" " ind2=" " tag="520">
  <marc:subfield code="a">Printed ketubah form with manuscript ketubah text in black ink in Aramaic and Hebrew in Rabbinic semi-cursive script. Stylized, colored border frames three sections: a narrow rectangle at top with words of blessing in Aramaic in square script; a middle section with two arches filled with ketubah text and supported by three columns; and a larger rectangle at bottom with words of blessing in Hebrew in square script. Numerous layers of patriarchy listed for both groom and bride who trace their ancestry to the exiles of the Spanish Inquisition. Wedding took place on 23 Siv&#x323;an 5657 (23 June 1897), in Tangier, Morocco. Groom also signed. Some loss of text along fold lines.</marc:subfield>
</marc:datafield>
    <marc:datafield ind1=" " ind2=" " tag="546">
  <marc:subfield code="a">Aramaic and Hebrew</marc:subfield>
  <marc:subfield code="b">(Rabbinic semi-cursive).</marc:subfield>
</marc:datafield>
    <marc:datafield ind1="1" ind2=" " tag="561">
  <marc:subfield code="a">Sold at auction at Sotheby's, from the estate of Shlomo Moussaieff, 20 Dec. 2017, lot 112.</marc:subfield>
</marc:datafield>
    <marc:datafield ind1="1" ind2="0" tag="600">
  <marc:subfield code="a">T&#x323;oledano, Avraham ben Mosheh</marc:subfield>
  <marc:subfield code="x">Marriage.</marc:subfield>
</marc:datafield>
    <marc:datafield ind1="1" ind2="0" tag="600">
  <marc:subfield code="a">T&#x323;oledano, Miryam bat Ya&#x2BB;ak&#x323;ov</marc:subfield>
  <marc:subfield code="x">Marriage.</marc:subfield>
</marc:datafield>
    <marc:datafield ind1=" " ind2="0" tag="650">
  <marc:subfield code="a">Ketubah</marc:subfield>
  <marc:subfield code="v">Specimens.</marc:subfield>
</marc:datafield>
    <marc:datafield ind1=" " ind2="0" tag="650">
  <marc:subfield code="a">Prenuptial agreements (Jewish law)</marc:subfield>
  <marc:subfield code="v">Specimens.</marc:subfield>
</marc:datafield>
    <marc:datafield ind1=" " ind2="0" tag="650">
  <marc:subfield code="a">Marriage (Jewish law)</marc:subfield>
</marc:datafield>
    <marc:datafield ind1=" " ind2="0" tag="651">
  <marc:subfield code="a">Tangier (Morocco)</marc:subfield>
</marc:datafield>
    <marc:datafield ind1=" " ind2="7" tag="655">
  <marc:subfield code="a">Ketubahs.</marc:subfield>
  <marc:subfield code="2">aat</marc:subfield>
</marc:datafield>
    <marc:datafield ind1=" " ind2="7" tag="655">
  <marc:subfield code="a">Marriage certificates.</marc:subfield>
  <marc:subfield code="2">aat</marc:subfield>
</marc:datafield>
    <marc:datafield ind1=" " ind2="7" tag="655">
  <marc:subfield code="a">Blank forms.</marc:subfield>
  <marc:subfield code="2">aat</marc:subfield>
</marc:datafield>
    <marc:datafield ind1=" " ind2="0" tag="655">
  <marc:subfield code="a">Manuscripts, Hebrew</marc:subfield>
  <marc:subfield code="y">19th century.</marc:subfield>
</marc:datafield>
    <marc:datafield ind1="0" ind2=" " tag="700">
  <marc:subfield code="a">Mordekhai ben G&#x304;o,</marc:subfield>
  <marc:subfield code="e">witness.</marc:subfield>
</marc:datafield>
    <marc:datafield ind1="0" ind2=" " tag="700">
  <marc:subfield code="a">Ye&#x2BC;udah ben Shimol,</marc:subfield>
  <marc:subfield code="e">witness.</marc:subfield>
</marc:datafield>
    <marc:datafield ind1="1" ind2=" " tag="700">
  <marc:subfield code="a">Grefe, C.</marc:subfield>
  <marc:subfield code="q">(Conrad),</marc:subfield>
  <marc:subfield code="e">printer.</marc:subfield>
</marc:datafield>
    <marc:datafield ind1="1" ind2=" " tag="700">
  <marc:subfield code="a">Moussaieff, Shlomo,</marc:subfield>
  <marc:subfield code="e">former owner.</marc:subfield>
</marc:datafield>
    <marc:datafield ind1=" " ind2=" " tag="852">
  <marc:subfield code="b">Library at the Herbert D. Katz Center for Advanced Judaic Studies</marc:subfield>
  <marc:subfield code="a">University of Pennsylvania</marc:subfield>
  <marc:subfield code="e">420 Walnut Street, Philadelphia, Pennsylvania 19106-3703.</marc:subfield>
  <marc:subfield code="j">CAJS Rar Ms 472</marc:subfield>
</marc:datafield>
    <marc:datafield ind1="3" ind2=" " tag="880">
  <marc:subfield code="6">246-01/r</marc:subfield>
  <marc:subfield code="a">&#x5DB;&#x5EA;&#x5D5;&#x5D1;&#x5D4; : &#x5D8;&#x5D0;&#x5E0;&#x5D2;'&#x5D0;&#x5E8;</marc:subfield>
</marc:datafield>
    <marc:datafield ind1="3" ind2=" " tag="880">
  <marc:subfield code="6">246-02/r</marc:subfield>
  <marc:subfield code="a">&#x5DB;&#x5EA;&#x5D5;&#x5D1;&#x5D4; : &#x5D8;&#x5E0;&#x5D2;'&#x5D9;&#x5E8;</marc:subfield>
</marc:datafield>
    <marc:datafield ind1=" " ind2=" " tag="880">
  <marc:subfield code="6">500-03/r</marc:subfield>
  <marc:subfield code="a">"&#x5D1;&#x5E8;&#x5D1;&#x5D9;&#x5E2;&#x5D9; &#x5D1;&#x5E9;&#x5D1;&#x5EA; &#x5E9;&#x5DC;&#x5E9;&#x5D4; &#x5D5;&#x5E2;&#x5E9;&#x5E8;&#x5D9;&#x5DD; &#x5DC;&#x5D7;&#x5D3;&#x5E9; &#x5E1;&#x5D9;&#x5D5;&#x5DF; &#x5D4;&#x5DE;&#x5D5;&#x5DB;&#x5EA;&#x5E8; &#x5D1;&#x5DB;&#x5E9;"&#x5EA; &#x5DE;&#x5E9;&#x5E0;&#x5EA; 5657 &#x5DC;&#x5D1;&#x5E8;&#x5D9;&#x5D0;&#x5EA; &#x5E2;&#x5D5;&#x5DC;&#x5DD; &#x5DC;&#x5DE;&#x5E0;&#x5D9;&#x5DF; &#x5E9;&#x5D0;&#x5E0;&#x5D5; &#x5DE;&#x5E0;&#x5D9;&#x5DF; &#x5D1;&#x5D5; &#x5E4;&#x5D4; &#x5D8;&#x5D0;&#x5E0;&#x5D2;'&#x5D0;&#x5E8; &#x5D9;&#x5E2;"&#x5D0; &#x5D0;&#x5D9;&#x5DA; &#x5D4;&#x5E9;&#x5DD; &#x5D4;&#x5D8;&#x5D5;&#x5D1; &#x5D4;&#x5D1;&#x5D7;&#x5D5;"&#x5DF; &#x5DB;&#x5D4;"&#x5E8; &#x5D0;&#x5D1;&#x5E8;&#x5D4;&#x5DD; &#x5D3;&#x5E0;&#x5D0; &#x5D4;&#x5D7;&#x5EA;&#x5DF; &#x5E1;"&#x5D8; &#x5D1;&#x5E8; &#x5DB;"&#x5D4; &#x5D4;&#x5E0;&#x5D5;"&#x5D7; &#x5DB;&#x5D4;"&#x5E8; &#x5DE;&#x5E9;&#x5D4; &#x5E1;"&#x5D8; ... [&#x5D4;&#x5DE;&#x5DB;&#x5D5;&#x5E0;&#x5D4;] &#x5D8;&#x5D5;&#x5DC;&#x5D9;&#x5D3;&#x5D0;&#x5E0;&#x5D5; &#x5D0;&#x5DE;&#x5E8; &#x5DC;&#x5D4; ... &#x5DE;&#x5E8;&#x5D9;&#x5DD; &#x5D3;&#x5D0; &#x5DB;&#x5DC;&#x5EA;&#x5D0; &#x5D1;&#x5EA;&#x5D5;&#x5DC;&#x5EA;&#x5D0; &#x5D1;&#x5EA; &#x5DB;&#x5D1;&#x5D5;&#x5D3; &#x5D4;"&#x5D4; ... &#x5DB;&#x5D4;"&#x5E8; &#x5D9;&#x5E2;&#x5E7;&#x5D1; &#x5E1;"&#x5D8; ... &#x5D4;&#x5DE;&#x5DB;&#x5D5;&#x5E0;&#x5D4; &#x5D8;&#x5D5;&#x5DC;&#x5D9;&#x5D3;&#x5D0;&#x5E0;&#x5D5; &#x5D4;&#x5D5;&#x5D9; &#x5DC;&#x5D9; &#x5DC;&#x5D0;&#x5E0;&#x5EA;&#x5D5; &#x5DB;&#x5D3;&#x5EA; &#x5DE;&#x5E9;&#x5D4; &#x5D5;&#x5D9;&#x5E9;&#x5E8;&#x5D0;&#x5DC; ... &#x5D4;&#x5E6;&#x5E2;&#x5D9;&#x5E8; &#x5DE;&#x5D5;&#x5E8;&#x5D3;&#x5DB;&#x5D9; &#x5DF;' &#x5D2;'&#x5D5;, &#x5E1;"&#x5D8;; &#x5D9;&#x5D0;&#x5D5;&#x5D3;&#x5D4; &#x5DF;' &#x5E9;&#x5D9;&#x5DE;&#x5D5;&#x5DC; [?]."</marc:subfield>
</marc:datafield>
    <marc:holdings>
      <marc:holding>
        <marc:holding_id>22534308150003681</marc:holding_id>
        <marc:call_number>CAJS Rar Ms 472</marc:call_number>
        <marc:library>KatzLib</marc:library>
        <marc:location>cjsrarms</marc:location>
      </marc:holding>
    </marc:holdings>
  </marc:record>
</marc:records>
